@Book{Tabulky,
	author    = {Jiří Mikulčák},
	editor    = {Ilona Fořtová},
	publisher = {nakladatelství Prometheus, spol. s. r. o.},
	title     = {Matematické, fyzikální a chemické TABULKY a VZORCE pro střední školy},
	year      = {2018},
	isbn      = {978-80-7196-264-9},
	groups    = {Tabulky},
}

@Online{Navod,
	author = {{Kolektiv KF}},
	title  = {Měření teploty wolframového vlákna},
	url = {https://moodle-vyuka.cvut.cz/mod/resource/view.php?id=156597},
	urldate = {2022-03-14},
}

@Online{ZFM,
	author = {Petr Chaloupka},
	title  = {Základy fyzikálních měření},
	url = {https://people.fjfi.cvut.cz/chalopet/ZFM/ZFM.pdf},
	urldate = {2022-03-14},
}

@Book{Optika,
	author = {O. Lepil },
	title  = {Optika pro gymnázia},
	publisher = {Prometheus, Praha}
} 

